<record><leader>00000cas a2200000 a 4500</leader><controlfield tag="001">12954441</controlfield><controlfield tag="008">851226d18491879ohuwr ne      0    0ger d</controlfield><datafield ind1=" " ind2=" " tag="010"><subfield code="a">sn 86090480 </subfield></datafield><datafield ind1=" " ind2=" " tag="040"><subfield code="a">CIN</subfield><subfield code="b">eng</subfield><subfield code="c">CIN</subfield><subfield code="d">PPM</subfield><subfield code="d">ONP</subfield><subfield code="d">YOX</subfield><subfield code="d">OCL</subfield><subfield code="d">KRTAS</subfield><subfield code="d">OCLCQ</subfield><subfield code="d">OCLCF</subfield><subfield code="d">OCLCO</subfield></datafield><datafield ind1=" " ind2=" " tag="042"><subfield code="a">msc</subfield></datafield><datafield ind1=" " ind2=" " tag="043"><subfield code="a">n-us-oh</subfield></datafield><datafield ind1=" " ind2=" " tag="090"><subfield code="a">AP2</subfield><subfield code="b">.P89</subfield></datafield><datafield ind1="0" ind2="0" tag="245"><subfield code="a">Protestantische Zeitbla&#776;tter.</subfield></datafield><datafield ind1=" " ind2=" " tag="260"><subfield code="a">Cincinnati [Ohio] :</subfield><subfield code="b">A. Kro&#776;ll, H.W. Suhr, and N. Hoffsu&#776;mmer</subfield></datafield><datafield ind1=" " ind2=" " tag="300"><subfield code="a">v. ;</subfield><subfield code="c">47-62 cm.</subfield></datafield><datafield ind1=" " ind2=" " tag="310"><subfield code="a">Weekly</subfield></datafield><datafield ind1="1" ind2=" " tag="362"><subfield code="a">Began April 8, 1849; ceased in 1879?</subfield></datafield><datafield ind1=" " ind2=" " tag="500"><subfield code="a">Subtitle and publisher vary.</subfield></datafield><datafield ind1=" " ind2=" " tag="500"><subfield code="a">Subtitle: Eine Wochenschrift zur Belehrung und Erbauung denkender Christen, Apr. 8, 1849?-1856?; Eine Wochenschrift zur Belehrung und Erbauung sowie fu&#776;r die Ereignisse im kirchlichen und staatlichen Leben, 1856-7?; Eine Wochenschrift fu&#776;r religio&#776;se und politische Freiheit, &lt;1875&gt;; Organ of Vereinigte Lutherische und Reformirte Gemeinden.</subfield></datafield><datafield ind1=" " ind2=" " tag="500"><subfield code="a">Editors: Friedrich Bo&#776;tticher, 1849; August Kro&#776;ll, Henirich W. Suhr and Johann Grassow, 1849?-1856?; August Kro&#776;ll, Mar. 12, 1857-1858?; August Kro&#776;ll and Gustav Wilhelm Eisenlohr, 1858?; Gustav Wilhelm Eisenlohr, 1858?-1879.</subfield></datafield><datafield ind1=" " ind2=" " tag="500"><subfield code="a">Publishers: Friedrich Bo&#776;tticher, 1849; Deutscher Allgemein-Protestantischer Wittwen-Verein, Jan. 26, 1854-1875?; Fr. W. Stahl ; Protestantischer Bund der frei-christlichen Gemein den Nord-Amerikas, &lt;1875&gt;; David Abbihl, 1875-1876; George Beinert, 1877-1879.</subfield></datafield><datafield ind1=" " ind2=" " tag="500"><subfield code="a">For description see: Arndt, Karl J.R. Die deutschsprachige Presse der Amerikas. Bd. 1: Geschichte und Bibliographie 1732-1968: Vereinigte Staaten von Amerika. Mu&#776;nchen : Verlag Dokumentation, 1976.</subfield></datafield><datafield ind1=" " ind2=" " tag="546"><subfield code="a">In German.</subfield></datafield><datafield ind1=" " ind2=" " tag="550"><subfield code="a">"Organ des prostestantischen Bundes der frei-christlichen Gemeiden Nord-Amerikas," &lt;1875&gt;.</subfield></datafield><datafield ind1=" " ind2=" " tag="588"><subfield code="a">Description based on: Jahrg. 5, Nr. 1 (Apr. 14, 1853).</subfield></datafield><datafield ind1=" " ind2="0" tag="650"><subfield code="a">Germans</subfield><subfield code="z">Ohio</subfield><subfield code="v">Newspapers.</subfield></datafield><datafield ind1=" " ind2="0" tag="650"><subfield code="a">German Americans</subfield><subfield code="z">Ohio</subfield><subfield code="v">Newspapers.</subfield></datafield><datafield ind1=" " ind2="0" tag="651"><subfield code="a">Cincinnati (Ohio)</subfield><subfield code="v">Newspapers.</subfield></datafield><datafield ind1=" " ind2="7" tag="655"><subfield code="a">Newspapers.</subfield><subfield code="2">fast</subfield><subfield code="0">(OCoLC)fst01423814</subfield></datafield><datafield ind1=" " ind2="7" tag="650"><subfield code="a">German Americans.</subfield><subfield code="2">fast</subfield><subfield code="0">(OCoLC)fst00941308</subfield></datafield><datafield ind1=" " ind2="7" tag="650"><subfield code="a">Germans.</subfield><subfield code="2">fast</subfield><subfield code="0">(OCoLC)fst00942100</subfield></datafield><datafield ind1=" " ind2="7" tag="651"><subfield code="a">Ohio.</subfield><subfield code="2">fast</subfield><subfield code="0">(OCoLC)fst01205075</subfield></datafield><datafield ind1=" " ind2="7" tag="651"><subfield code="a">Ohio</subfield><subfield code="z">Cincinnati.</subfield><subfield code="2">fast</subfield><subfield code="0">(OCoLC)fst01205142</subfield></datafield><datafield ind1="1" ind2=" " tag="700"><subfield code="a">Bo&#776;tticher, Friedrich.</subfield></datafield><datafield ind1="1" ind2=" " tag="700"><subfield code="a">Kro&#776;ll, August.</subfield></datafield><datafield ind1="1" ind2=" " tag="700"><subfield code="a">Suhr, Heinrich W.</subfield></datafield><datafield ind1="1" ind2=" " tag="700"><subfield code="a">Hoffsu&#776;mmer, N.</subfield></datafield><datafield ind1="1" ind2=" " tag="700"><subfield code="a">Grassow, Johann.</subfield></datafield><datafield ind1="1" ind2=" " tag="700"><subfield code="a">Eisenlohr, Wilhelm.</subfield></datafield><datafield ind1="1" ind2=" " tag="700"><subfield code="a">Stahl, W.</subfield></datafield><datafield ind1="1" ind2=" " tag="700"><subfield code="a">Abbihl, David.</subfield></datafield><datafield ind1="1" ind2=" " tag="700"><subfield code="a">Beinert, George.</subfield></datafield><datafield ind1="2" ind2=" " tag="710"><subfield code="a">Deutscher Allgemien-Protestantischer Wittwen-Verein.</subfield></datafield><datafield ind1="2" ind2=" " tag="710"><subfield code="a">Protestantischer Bund der frei-christlichen Gemeinden Nord-Amerikas.</subfield></datafield><datafield ind1=" " ind2=" " tag="752"><subfield code="a">United States</subfield><subfield code="b">Ohio</subfield><subfield code="c">Hamilton</subfield><subfield code="d">Cincinnati.</subfield></datafield><datafield ind1=" " ind2=" " tag="938"><subfield code="a">Kirtas Technologies, Inc.</subfield><subfield code="b">KRTS</subfield><subfield code="n">739498</subfield></datafield></record>